@inproceedings{agrigoroaiei2010flattening,
  title={Flattening the transition P systems with dissolution},
  author={Agrigoroaiei, Oana and Ciobanu, Gabriel},
  booktitle={International Conference on Membrane Computing},
  pages={53--64},
  year={2010},
  organization={Springer}
}

@article{kleijn2008petri,
  title={Petri nets and membrane computing},
  author={Kleijn, Jetty and Koutny, Maciej},
  journal={School of Computing Science Technical Report Series},
  year={2008},
  publisher={Citeseer}
}

@article{einstein1989electrodynamics,
  title={On the electrodynamics of moving bodies},
  author={Einstein, Albert},
  journal={The collected papers of Albert},
  year={1989}
}

@article{parrondo2015thermodynamics,
  title={Thermodynamics of information},
  author={Parrondo, Juan MR and Horowitz, Jordan M and Sagawa, Takahiro},
  journal={Nature physics},
  volume={11},
  number={2},
  pages={131--139},
  year={2015},
  publisher={Nature Publishing Group UK London}
}